@online{Q1,
  author = "TU Dortmund",
  title = "Versuchsanleitung zu Versuch US2 Scanverfahren der Ultraschalltechnik.",
  urldate = "2018-06-19",
  url = "http://129.217.224.2/HOMEPAGE/MEDPHYS/BACHELOR/AP/SKRIPT/UltraschallScan.pdf"
}
