@online{Q1,
  author = "TU Dortmund",
  title = "Versuchsanleitung zu Versuch US1 Grundlagen der Ultraschalltechnik.",
  urldate = "2018-06-12",
  url = "http://129.217.224.2/HOMEPAGE/MEDPHYS/BACHELOR/AP/SKRIPT/UltraschallGL.pdf"
}
