@online{Quelle,
  author = "TU Dortmund",
  title = "Versuchsanleitung zu Versuch Nr. 303 Lock-In-Verst√§rker",
  urldate = 2017-12-08,
  url = "http://129.217.224.2/HOMEPAGE/MEDPHYS/BACHELOR/AP/SKRIPT/LockInMP.pdf"
}
