@online{Quelle,
  author = "TU Dortmund",
  title = "V353 Relaxationsverhalten eines RC-Kreises",
  url = "http://129.217.224.2/HOMEPAGE/MEDPHYS/BACHELOR/AP/SKRIPT/V353.pdf",
  date = "2017-11-16"
}
