@online{Quelle,
  author = "TU Dortmund",
  title = "Versuchsanleitung zu Versuch Nr. 201 Das Dulong-Petitsche Gesetz",
  urldate = 2017-12-16,
  url = "http://129.217.224.2/HOMEPAGE/MEDPHYS/BACHELOR/AP/SKRIPT/V201.pdf"
  }
