@online{Q1,
  author = "TU Dortmund",
  title = "Versuchsanleitung zu Versuch Nr. V702 Aktivierung mit Neutronen.",
  urldate = "2018-06-04",
  url = "http://129.217.224.2/HOMEPAGE/MEDPHYS/BACHELOR/AP/SKRIPT/V702.pdf"
}

@online{Q2,
  author = "Ren√© Rausch",
  title = "Periodensystem online - Vanadium.",
  urldate = "2018-06-04",
  url = "http://www.periodensystem-online.de/index.php?id=isotope&el=23&mz=52&nrg=0&show=nuklid"
}
@online{Q3,
  author = "National Nuclear Data Center",
  title = "Isotope des Elements Rhodium.",
  urldate = "2018-06-04",
  url = "http://w-oess.de/Kernphysik/Elemente/045-rh.html"
}
