@online{Q1,
  author = "TU Dortmund",
  title = "Versuchsanleitung zu Versuch Nr. 501/2 Ablenkung eines Elektronenstrahls im elektrischen und magnetischen Feld",
  date = "2018-05-10",
  url = "http://129.217.224.2/HOMEPAGE/MEDPHYS/BACHELOR/AP/SKRIPT/V501.pdf"
}
