@online{Quelle,
  author = "TU Dortmund",
  title = "Versuchsanleitung zu Versuch Nr. 206 Die Wärmepumpe",
  urldate = 2017-12-20,
  url = "http://129.217.224.2/HOMEPAGE/MEDPHYS/BACHELOR/AP/SKRIPT/V206.pdf"
}

@online{Q1,
  author = "Lumitos",
  title  = "Dichloridfluormethan",
  urldate = 2017-12-23,
  url = "http://www.chemie.de/lexikon/Dichlordifluormethan.html"
}

@book{Dem,
  author = "Wolfgang Demtröder",
  title = "Experimentalphysik 1",
  page = "471",
  caption = "Werte der physikalischen Fundamentalkonstanten",
  edition = "7.Auflage"
}
