@online{Quelle,
  author = "TU Dortmund",
  title = "V354 Ged√§mpfte und erzwungene Schwingungen",
  url = "http://129.217.224.2/HOMEPAGE/MEDPHYS/BACHELOR/AP/SKRIPT/V354.pdf",
  date = "2017-11-16"
}
