@online{Quelle,
  author = "TU Dortmund",
  title = "Versuchsanleitung zu Versuch Nr. 302 Br√ºckenschaltungen",
  urldate = 2017-12-03,
  url = "http://129.217.224.2/HOMEPAGE/index.php?page=medizin&sub=bachelorSc"
}
