@online{Q1,
  author = "TU Dortmund",
  title = "Versuchsanleitung zu Versuch Nr. V701 Reichweite von Alphastrahlung.",
  urldate = "2018-06-26",
  url = "http://129.217.224.2/HOMEPAGE/MEDPHYS/BACHELOR/AP/SKRIPT/Alpha.pdf"
}
