@online{Q1,
  author = "TU Dortmund",
  title = "Versuchsanleitung zu Versuch Nr. 601 Der Franck-Hertz-Versuch.",
  urldate = 2018-05-27,
  url = "http://129.217.224.2/HOMEPAGE/MEDPHYS/BACHELOR/AP/SKRIPT/V601.pdf"
}
