@online{Q1,
  author = "TU Dortmund",
  title = "Versuchsanleitung zu Versuch Nr. V402 Dispersionsmessung am Glasprisma.",
  urldate = "2018-07-08",
  url = "http://129.217.224.2/HOMEPAGE/MEDPHYS/BACHELOR/AP/SKRIPT/V402.pdf"
}
