@online{Q1,
  author = "TU Dortmund",
  title = "Versuchsanleitung zu Versuch Nr. 401 Michelson Interferometer",
  urldate = 2018-04-11,
  url = "http://129.217.224.2/HOMEPAGE/MEDPHYS/BACHELOR/AP/SKRIPT/V401.pdf"
}

@online{Q2,
  author = "Spektrum.de",
  title  = "Brechzahl",
  urldate = 2018-04-11,
  url = "https://www.spektrum.de/lexikon/physik/brechzahl/1958"
}
