@online{Q1,
  author = "TU Dortmund",
  title = "Versuchsanleitung zu Versuch Nr. V602 RÃ¶ntenemission und -absorption.",
  urldate = "2018-06-04",
  url = "129.217.224.2/HOMEPAGE/MEDPHYS/BACHELOR/AP/SKRIPT/RoentgenAbs.pdf"
}
