@online{Quelle,
  author = "TU Dortmund",
  title = "V105 Das magnetische Moment",
  url = "http://129.217.224.2/HOMEPAGE/MEDPHYS/BACHELOR/AP/SKRIPT/MagneticToMP.pdf",
  date = "2017-11-16"
}
