@online{Quelle,
  author = "TU Dortmund",
  title = "V305 Leerlaufspannung und Innenwiderstand von Spannungsquellen",
  url = "http://129.217.224.2/HOMEPAGE/MEDPHYS/BACHELOR/AP/SKRIPT/V301.pdf",
  date = "2017-11-23"
}
