@online{Quelle,
  author = "TU Dortmund",
  title = "Versuchsanleitung zu Versuch Nr. 204 WÃ¤rmeleitung von Metallen",
  urldate = 2018-01-11,
  url = "http://129.217.224.2/HOMEPAGE/MEDPHYS/BACHELOR/AP/SKRIPT/WaermeleitfMP.pdf"
}
